1111111111110001111111111111111111111111111111111110000122211111112222222222222222222222112111111011111111112233333332233333333332333322221112222222211111100000
1111111111100001111111111111111111111111111111111100001222222111111222222222222222222222222221110111111111111122333333223333333333332222222222222211111111110000
1111111111100011111111111111111111111111111111111000012222222221111122222222222222222222222211111122111111111122333333323333322332222222222222221112111111110000
1111111111000111111111111111111111111111111111111000122222222222111112222222222222222222221111111222111111111112333333333332233222222222222222222222111111110000
1111111110001111111111111111111111111111111111110001222222222222221111122222222222222222211111112222111111111122233333333233322222222222222222222222111110000000
1111111100001111111111111111111111111111111111100012222222222222222111112222222222222222211111122222211111111222223333333332222222322222222222222222111110000000
1111111100011111111111111111111111110111111111000122222222222222222211111222222222222222111111122222211111112222333333333322222232232222222222222222111110000000
1111111000011111111111111111111111101111111110001222222222222222222222111222222222222222111111222222111111122233333333332222223223223332222222221111111001010000
1111110001111111111111111111111111111111111100012222222222222222222222111122222222222221111112222222112222223333333333222222233322333322222221111111111100100000
1111100001111111111111111111111011111111111000122222222222222222222212221111222222222221111122222222221122333333333322222223333333333222222221111111001000000000
1111000001111111111111111111111011111111110001222222222222222222222122222111122222222211111122222222112233333333222222222333333333332222221111000000000000000000
1110000001111111111111111111111101111111100012222222222222222222221222222211112222222221111222222212223333333222332222233333333333222222111111110000000000000000
1100000000111111111111111111111001111111100122222222222222222222212222222221111222222221112222222222333332222233222223333333333332222111111111111110000000000000
1000000000011111111111111111110000101111111222222222222222222222122222222221111222222111122223222333322222233332222333333333333222211111111111111111100000000000
0000000000001111111111111111101000001111111222222222222222222221222222222222111122222222222233333322222223333222223333333333332222111111112222222111111000000000
1000000000000111111111111111100000000011112222222222222222222212222222222222211122222222233333332222222333222222333333333333222211111122222222222221111111111000
1110000000000011111111111111000001100000112222222222222222222122222222222222221122222223333333322223333322222233333333333332221111112222222222222222211111111111
1111100000000001111111111110010000000011122222222222222222221222222222222222222122223333333323333333332222223333333332233322111111222222222222222222222111111111
1111110000000001111111111101001112100111122222222222222222212222222222222222222223333333333333333333222222233333333322332221111122222222222222222222222222211111
1111111000000000011111111011011110001111222222222222222222122222222222222222222333333333333333333322222223333333332223322111112222222222222222222222222222222111
1111111100000000011111110101111110001111222222222222222221222222222222222222223333333333333333322222222333333323322333221001122222222222222222222222222222222211
1111111111000000001111100000111100011111222222333333322212222222222222222222222333333333223332222222223333332332223332200000012222222222222222222222222222222222
1111111111100000000000000001111011111111222233333333333322222222222222222222222333333223332222222222333333223322233221111211001222222222222222222222222222222222
1111111111110000000000000000110111111112123333333333333333222222222222222222222222333332222222222233333322332222332211122222110122222222222222222222222222222222
1111111111111000000000000001101111111112333333333333333333332222222222222222222222333222222222223333322233222233322111222222210122222233333332222222222222222222
1111111111111100000000000001011111111133333333333333333333333222222222222222222233222222222222333332223332222332221111122222221112233333333333332222222222222222
1111111111111111000000000000111111112333333333333333333333333333222222222222223333332222222333333333333222233322211110000222221012233333333333333333322222222222
1111111111111111100000000001111111123333333333333333332333333323333322232222222332222222233333323333222222333222222110000012222111233333333333333333333222222222
1111111111111111111000000001111111233333333333333233333223333323333323322222222222222233322233333322222233322222222211011000222201133333333333333333333322222222
1111111111111111111110000001111112333333333333333333333223333322333333222222222222223332222333332222223333222222222221122210022210123333333333333333333333222222
1111111111111111111111100001111123333333333333333323332233333322233333222222222222332222333332222223333322222222222222222111002221123333333333333333333333322222
1111111111111111111111110000111333333333333333333333333333333322233333322222222222222223333222223333322112222222222222122221101221122333333333333333333333322222
1111111111111111111111111100113333333333333333333333333333333222223333222222222222222233222223333222211122222333333222212211211222112333333333333333333333333222
2111111111111111111111111110133333333333333333333333333333332222223333222222222222222222333333222222101122233333333322221221210122222333333333333333333333333333
1221111111111111111111111212333333333333333333333333333333332233223333232222222222222333332222222221001222333333333322222111121122222333333333333333333333333333
1222111111111110111011111133333333333333333333333333333333332233333333223332222223232222221222222211002223333333333332222222221222222333333333333333333333333333
1122211111111111100111111333333333333333333333333333333333333223332333322222223222222222211222222110012233333333333333222222221222222333333333333333333333333332
2212221111111111111111113333333333333333333333333333333333333312332333322222222222222222112222222110122233333333333333322222111222223333333333333333333333333333
2222222211111111111111133333333333333333333333333333333333333321222223222222222222222222122222221211222333333333333333332222211222233333333333333333333333333333
2222222221111111111111233333333333333333333333333333333333333332333332222222222222222221222222221211222333333333333333333222222222233333333333333333333333333333
2222222222111111111112333333333333333333333333333333333333333333333333322222222222222212222223222112223333333333333333333222222222333333333333333333333333333332
2222222222221111111113333333333333333333333333333333333333333333333333332222222222222222222233222122233333333333333333333332222222333333333333333333333333333332
2222222222111111111133333333333333333333333333333333333322333333333333332222222222222222222332222222233333333333333333333332222223333333333333333333333333333322
2222222222222111121233333333333333333333333333333333333332232332333332222222222222222222222332222222333333333333333333333232222233333333333332223333333333333322
2222222222222221112333333333333333333333333333333333333332122221222222122222222222222222223332222222333333333333333333332222222333333333333222222233333333333322
2222222222222222223333333333333333333333333333333333333333111121111111222222222222222222223322222223333333333333333333333322223333333332222222111123333333333222
2222222222222222233333333333333333333333333333333333333333221112212223332222222222222222233322222233333333333333333333333332333333333333222222211112333333333222
2222222222222222333333333333333333333333333333333333333333333333333333332222222222222222233322222333333333333333333333333333333333333332222222222100133333332222
2222222222222223333333333333333333333333333333333333333333333333333333322222222222222222233222233333333333333333333333333333333333333322222222222211112333332222
2222222222222223333333333333333333333333322333333333333333333333333332222222222223222222233222233333333333333333333333333333333333333322111111223321111233322222
2222222222222233333333333333333333333322222222333333333333333333333322122222222232222222233222233333333333333333333333333333333333333322223110012332111133322222
2222222222222333333333333333333333222222222222222333333333333333333221222333223332222222332222333333333333333333333333333333333333333332232221001233221123222221
2222222222223333333333333333333332222222222222222223333333333333222222233333333322222122332222333333333333333333333333333333333333333332222211200233332112222221
2222222222233333333333333333333322222322222222222222222333222111223323333323333333221222322222333333333333333333333333333333333333333332221211210023332112222210
2222221222333333333333333333333222222223222222332222222211112333333333333333333332221222322222333333333333333333223333333333333333333332222122120023333112222100
1221122223333333333333333333332222222232223333222332222223333333333333333333333322112222322222333333333333333333223333333333333333333333322211221012332122221000
1111222233333333333333333333322222222222223333333333332333333333333333333333333221222222222222333333322333333333333333333333333333333333332222220012332122210000
1121122333333333333333333333222222222222333333333333333333333333333333333333332221222222222223333333322233333333332233333333333333333333333322220012222121100000
1111123333333333333333333332222222222232233333333333333333333333333333333333322212222223222213333333322222233333332233333333333333333333333332221112222210000001
1111233333333333333333333332222222222223333333333333333333333333333333333333222122222222122213333333322112222333333222333333333333333333333333222222222100000011
1111333333333333333333333322222222233333333333333333333333333333333333333333222223222232222113333333322121222233333322233333333333333333333333332222222100000122
1113333333333333333333332222222223333333333333333333333333333333333333333332222232222221222113333333322112222223333332223333333333333333333333333322221000001222
1133333333333333333333332222222233333333333333333333333333333333333333333222222322222222221113333333222222322222333333333333333333333333333333333322210000012222
1333333333333333333333322222222233333333333333333333333333333333333333332222223322222222221113333333223222332222233333333333333333333333333333333322100000122222
3333333333333333333333222222222233333333333333333333333333333333333333222211233222222222210113333333223322223222223333333333333333333333333333333221000001222221
3333333333333333333332222222222233333333333333333333333333333333333332221122332222222222200123333333223332223322223333333333333333333333333333333210000011222222
3333333333333333333322222222223333333333333333333333333333333333333222212233322222222222101223333333322333222332223333333333333333333333333333322000001112222222
3333333333333333333222222222233333333333333333333333333333333333322221122333222222222221011223333333322333322222223333333333333333333333333333210000011112222222
3333333333333333332222122222333333333333333333333333333333333332221111233332332222222111112223333333332233332222122333333333333333333333333332000001011122222222
3333333333333333322221222222333333333333333333332222233333332211111122333223223222221111122233333333333223333222112333333333333333333333333200000010011222222222
3333333333333333322212222233333333333333333333333333333333222222222233332232232211111111122333333333333322333332222333333333333333333333321000000111112222222222
3333333333333333222222333333333333333333332221222222333333333333333333333222331111111111223333333333333332222333232233333333333333333322100000001111122222222322
3333333333333332221222222233333333333321100000000000111222222333333222322223311111111222233333333333333333222333333333333333333333332210000000011111222222232221
3333333333333322222222222333333333321100000000000012222211111122233222222333211112222222333333333333333333333333333333333333333332221000000000111112222222332210
3333333333333222112222223333333322100000000000001122222111112222222333333322221122222223333333333333333333333333333333333333333222200000000001111122322223322110
3333333333333221122322233333332100000000000000012222211111122222222222222222222222222233333333333333333333333333333333333333332221000000000011121123322233321001
3333333333332211223323333333310000000000000000222222111112222222222222333332222222222333333333333333333333333333333333333332222100000000000111111233223233220012
3333333333322211233333333332000000000000000001222221111122333332222333333333222222223333333333333333333333333333333333333222200000100000012111112333232332200121
3333333333322112233333333200000000000000000012222211112333333333223333333333322222223333333333333333333333333333333332232210011121111000022111123333333322101221
3333333333221112233333321000000000000000000122221111123333333333333333333333332222233333333333333333333333322233322222110012222222111111221211233333333322012212
3333333332221122333333200000000000000000001212211112333333333333333333333333333322233333333333333333333333322222211111012222112221111112212112333333333221121221
3333333332221223333321000000000000000000002221111123333333333333333333333333333333333333333333333333333333322222211112322212222211211122221113333333332211212212
3333333322212333333210000000000000000000012211111233333333333333333333333333333333333333333333333333333333222222111222222222221122121222211133333333332212122222
3333333322212333332100000000000000000000022111113333333333333333333333333333333333333333333333333333333333222222123222222222222212212222111333333333322212222222
3333333222123332211000000000000000000000121111233333333333333333333333333333333333333333333333333333333322222222333222232222222122222222113333333333222221222211
3333333222233322110000000000000000000000111112333333333333333333333333333333333333333333333333333333333222223333333232222232222222223221123333333333222122222111
3333332222233222100000000000000000000000111123333333333333333333333333333333333333333333333333333333332233333333332222233222222123233211233333333332332122221011
3333332222333221000000000000000000000000111333333333333333333333333333333333333333333333333333333333333333333322223333222223211233332112333333333322222321210111
3333322222332210000000000000000000000000113333333333333333333333333333333333333333333333333333333333233333333333333322223332123333321123333333333322222232111112
3333322223322100000000000000000000000000133333333333333333333333333333333333333333333333333333333333333333333333332223332222233333211233333333333222122222211112
3333222233322100000000000000000000000000333333333333333333333333333333333333333333333333332222233233333333333333333333222222333332112333333333332222122222232122
3332221333221000000000000000000000000001333333333333333333333333333333333333333333333333332222222222333333333333333222222233333321123333333333322211112222223222
3332222333220000000000000000000000000002333333333333333333333333333333333333333333333333333322222223333333333333222222223333332211233333333333222111112222222332
3332223332210000000000000000000000000001333333333333333333333333333333333333333333333333333322222222222333332222222222333333322222333333333333221111111222222233
3322233333200000000000000000000000000001333333333333333333333333333333333333333333333333333322222222222222222222222233333333222223333333333331211111112222222223
3322233332100000000000000000000000000000333333333333333333333333333333333333333333333333333332222222222222222212233333333332222233333333333322111111111222222222
3222333322000000000000000000000000000000333333333333333333333333333333333333333333333333333333222111112222222333333333333222223333333333333221111111111122222222
2223333322000000000000000000000000000000233333333333333333333333333333333333333333333333333333322221222223333333333333332222233333333332232211111111111122222222
2223333221000000000000000000000000000000133333333333333333333333333333333333333333333333333333322222233333333333333332322322333333233222322111111111111122222222
2233333220000000000000000000000000000000033333333333333333333333333333333333333333333333333333332223333333333333333222233233333332332323211111111111111122222222
2333332210000000000000000000000000000000023333333333333333333333333333333333333333333333333333333333333333333333222222322333333333322232111111111111111112222222
3333322200000000000000000000000000000000013333333333333333333333333333333333333333333333333333333333333333333322223332233333333333223321111111111111111122222222
3333322100000000000000000000000000000000003333333333333333333333333333333333333333333333333333333333333333322222333223333333333333332211111111111111111122222222
3333222100000000000000000000000000000000002333333333333333333333333333333333333333333333333333333333333322222333222333333333333232223322111111111111112222222222
3333221000000000000000000000000000000000001333333333333333333333333333333333333333333333333333333333333333333332233333333333322322111112222111111111122222222222
3332110000000000000000000000000000000000000333333333333333333333333333333333333333333333333333333333333333333322223333333332222211111111112222111111122222222222
3332000000000000000000000000000000000000000233333333333333333333333333333333333333333333333333333333333333333322333333333222211111111111111112222221122222222222
3321000000000000000000000000000000000000000133333333333333333333333333333333333333333333333333333333333333222333332333322210110010011111111111122112222222222222
3210000000000000000000000000000000000000000133333333333333333333333333333333333333333333333333333333333332221111122222210001121111011111111111121212222222222222
2100000000000000000000000000000000000000000023333333333333333333333333333333333333333333333333333333333321001112221121000022222220111111111111111122222222222222
0000000000000000000000000000000000000000000013333333333333333333333333333333333333333333333333333333322111111121101100001222222232111111111111111222222222222222
0000000000000000000000000000000000000000000002333333333333333333333333333333333333333333333333333322211101111100011000022222222333211111111111111122222222222222
0000000000000000000000000000000000000000000001333333333332233223333333333333333333333333333333332222110000000000100000222222233233321111111111112222222222222222
0000000000000000000000000000000000000000000000233333333322222233333333333333333333333333333333322211100000000000000002222233333333332111111111112222222222222222
0000000000000000000000000000000000000000000000023333332222223333333333333333333333333333333332221111000000000000000022222222233323333111111111112222222222222322
0000000000000000000000000000000000000000000000012333222212233333333333333333333333333333333222111110000000000000000222222222223332233311111111112222222222222222
0000000000000000000000000000000000000000000000002222221123333333333333333333333333333333322211111100000000000000012222223333333333233321111111112222222222222223
0000000000000000000000000000000000000000000000001222101233333333333333333333333333333332221111111100000000000000122222333333333333333332111111112222222222222223
0000000000000000000000000000000000000000000000000211012233333333333333333333333333333222111111110000000000000001222223333333333333333333111111112222222222222233
0000000000000000000000000000000000000000000000000000122333333333333333333333333333332211111112100000000000000002222333333333333333333333211111112222222222222323
0000000000000000000000000000000000000000000000000001223333333333333333333333333333221111111121000000000000000022233333333333333333333333311111111222222222222233
0000000000000000000000000000000000000000000000000001223333333333333333333333333321111111112110000000000000000122233333333333333333333333311111111222222222222333
0000000000000000000000000000000000000000000000000001223333333333333333333333332111111111121100000000000000001222333333333333333333333333321111111222222222223332
0000000000000000000000000000000000000000000000000000123333333333333333333333321111111222111000000000000000002233333333333333333333333333332111111222222222222321
0000000000000000000000000000000000000000000000000000012333333333333333333332111111112222110000000000000000012333333333333333333333333333333111111122222222223210
0000000000000000000000000000000000000000000000000000001333333333333333333211111112222211100000000000000000022333333333333333333333333333333211111122222222222200
0000000000000000000000000000000000000000000000000000000023333333333333321111111121222220000000000000000000123333333333333333333333333333333311111122222222222000
0000000000000000000000000000000000000000000000000000000001333333333333111111121222221100000000000000000000233333333333333333333333333333333321111112222222221000
0000000000000000000000000000000000000000000000000000000000023333333321111112222221210000000000000000000001233333333333333333333333333333333331111112222222210000
0000000000000000000000000000000000000000000000000000000000000123332111111121221110000000000000000000000002333333333332333333333333333333333333111112112222200000
0000000000000000000000000000000000000000000000000000000000000000000111112211100000000000000000000000000012333333333322333333333333333333333333111111122222000000
0000000000000000000000000000000000000000000000000000000000000000000000000000000000000000000000000000000122333333322222233333333333333333333333211111122221000000
0000000000000000000000000000000000000000000000000000000000000000000000000000000000000000000000000000000222333333222222233333333333333333333333311111222210000000
0000000000000000000000000000000000000000000000000000000000000000000000000000000000000000000000000000001222333332222222222333333333333333333333321111122100000000
0000000000000000000000000000000000000000000000000000000000000000000000000000000000000000000000000000002222332222222222223333333333333333333333321111122000000000
0000000000000000000000000000000000000000000000000000000000000000000000000000000000000000000000000000002222222222222222222233333333333333333333331111110000000000
0000000000000000000000000000000000000000000000000000000000000000000000000000000000000000000000000000012222222222222222222233333333333333333333331111110000000000
0000000000000000000000000000000000000000000000000000000000000000000000000000000000000000000000000000022222222222222222222233333333333333333333331111110000000000
0000000000000000000000000000000000000000000000000000000000000000000000000000000000000000000000000000122222222222222222222333333333333333333333332111011000000000
0000000000000000000000000000000000000000000000000000000000000000000000000000000000000000000000000000222222222222222222222333333333333333333333332110001100000000
0000000000000000000000000000000000000000000000000000000000000000000000000000000000000000000000000000222222222222222222222223333333333333333333332100000110000000
0000000000000000000000000000000000000000000000000000000000000000000000000000000000000000000000000001222222222222222222222222333333333333333333332100000010000000
0000000000000000000000000000000000000000000000000000000000000000000000000000000000000000000000000002222222222222222222222222333333333333333333332000000011000000
0000000000000000000000000000000000000000000000000000000000000000000000000000000000000000000000000012222222222222222222222222333333333333333333332000000001000000
0000000000000000000000000000000000000000000000000000000000000000000000000000000000000000000000000012222222212222222222222222333333333333333333332100000001000000
0000000000000000000000000000000000000000000000000000000000000000000000000000000000000000000000000011222222122222222222222222333333333333333333332210000001000000
0000000000000000000000000000000000000000000000000000000000000000000000000000000000000000000000000111122222122222222222222222333333333333333333332211100001000000
0000000000000000000000000000000000000000000000000000000000000000000000000000000000000000000000000111122221122222222222222223333333333333333333332211110001000000
0000000000000000000000000000000000000000000000000000000000000000000000000000000000000000000000000011122211121222222222222223333333333333333333332211100000000000
0000000000000000000000000000000000000000000000000000000000000000000000000000000000000000000000000011111111111222222222222223333333333333333333331100000000000001
0000000000000000000000000000000000000000000000000000000000000000000000000000000000000000000000000011111111111222222222222223333333333333333333331100000100000011
0000000000000000000000000000000000000000000000000000000000000000000000000000000000000000000000000011111111111222222222222333333333333333333333321000000100000011
0000000000000000000000000000000000000000000000000000000000000000000000000000000000000000000000000011111111111222222222222333333333333333333333321000000000000001
0000000000000000000000000000000000000000000000000000000000000000000000000000000000000000000000000000000011112222222222222333333333333333333333310000000000000100
0000000000000000000000000000000000000000000000000000000000000000000000000000000000000000000000000000000111112222222222222333333333333333333333300000000000000000
0000000000000000000000000000000000000000000000000000000000000000000000000000000000000000000000000000001111112222222222222333333333333333333333300000010000001001
0000000000000000000000000000000000000000000000000000000000000000000000000000000000000000000000000000011111112222222222233333333333333333333333200000000000010001
0000000000000000000000000000000000000000000000000000000000000000000000000000000000000000000000000001111111222222222222233333333333333333333333200000011111110011
0000000000000000000000000000000000000000000000000000000000000000000000000000000000000000000000000011111112222222222222333333333333333333333333100111112222100011
0000000000000000000000000000000000000000000000000000000000000000000000000000000000000000000000000111111222222222222222333333333333333333333333101112222222100111
